1692 3107
193 355 238 411 que
248 328 393 410 erpeiirram
403 353 546 409 arroganter,
563 352 588 390 vt
598 347 681 393 omnes
690 341 716 393 in
726 351 776 406 par-

123 436 125 442 ·
192 441 228 479 tes
245 444 306 480 meas
323 425 511 490 traducerentur,
537 425 601 493 quod
617 443 687 479 nemo
708 428 733 479 in
751 444 778 478 re

193 513 298 581 quamuis
313 525 376 563 certa
396 511 530 581 speraueritt
551 511 702 583 iniquumque
720 513 778 566 sem-

193 615 236 668 per
255 597 323 649 habui
339 612 362 648 et
379 596 489 649 stolidum
507 600 718 666 eorum'animum,
738 598 778 668 qui

193 684 253 734 male
267 684 385 753 excipiant
401 684 499 735 eliorum
517 683 648 752 diffensum,
670 685 779 755 aquibus

193 786 273 823 tamen
290 787 313 823 et
326 772 365 842 ipsi
376 771 491 822 diss'entire
501 772 561 824 haud
573 774 687 826 dubitent.
724 775 780 824 Sine

194 857 325 928 arrogantia
343 871 421 909 tamen
437 857 486 908 hoc
498 856 555 908 mihi
568 875 682 928 poteram·
692 858 781 931 persus-

194 944 260 1009 derq
277 943 363 995 dorios
375 943 409 994 rei
419 942 516 1009 iudices,
533 946 673 1012 argumentis
684 947 711 997 ab
721 953 781 997 utrass
793 1001 797 1012 a

194 1049 241 1100 que
251 1046 316 1101 purte
329 1030 454 1100 penfitrtis,
470 1024 521 1083 utra
532 1047 678 1085 momentum
687 1023 781 1093 faciunt,

194 1118 355 1172 inteileeiurus
372 1117 416 1168 effe
432 1116 507 1188 ips0s3
530 1130 555 1168 vt
569 1116 605 1169 uel
621 1116 650 1169 sic
667 1137 717 1171 non
731 1135 783 1170 mea

196 1202 258 1272 opus
280 1202 335 1254 effer
354 1201 496 1253 deieniinne.
550 1202 681 1254 Primariam
706 1217 800 1255 autem

196 1287 279 1342 silentii
291 1287 337 1338 mei
352 1286 445 1337 esuriam
456 1286 517 1337 hunc
526 1284 589 1337 fniii'e
599 1303 649 1338 nun
660 1284 782 1353 diffimulo,

196 1378 263 1445 quod
278 1375 358 1430 natura
372 1395 423 1429 inea
438 1376 548 1428 abhorret
566 1375 665 1427 omnino
685 1391 784 1429 contro-

197 1462 291 1528 uersum,
310 1462 415 1532 inprimis
432 1479 484 1513 curn
495 1460 622 1514 aduersario
633 1462 740 1514 violento
749 1459 784 1510 in-

199 1544 300 1610 eundas,
324 1562 380 1612 quas
404 1544 454 1595 satis
472 1542 522 1594 usus
536 1542 622 1608 docet,
644 1561 694 1595 non
707 1541 783 1593 modo

199 1628 281 1681 inatres
301 1628 357 1693 effe,
395 1627 434 1679 sed
457 1627 525 1678 etiarn
549 1625 615 1697 saepe
636 1626 783 1697 periculosus,

200 1716 257 1781 Qru
277 1714 367 1784 grauius
377 1712 489 1766 lacessitus
499 1714 583 1778 fueris,
602 1731 631 1765 eo
642 1712 733 1764 facilior
742 1711 792 1762 erir'

200 1807 230 1859 nd
245 1807 306 1877 paria
320 1821 416 1877 peccatu
432 1804 516 1875 lapsus,
535 1802 589 1855 siin
598 1801 676 1871 primo
686 1801 785 1870 praeser-

201 1896 243 1948 tim
258 1886 427 1962 indignutinnis
448 1890 543 1940 feruore
566 1886 595 1937 nd
614 1886 786 1941 defendendum

200 1979 296 2034 eauffunr
307 1993 370 2030 tuam
379 1973 508 2028 accerseris:
527 1971 589 2023 vnde
598 1971 716 2022 feruentes
727 1970 787 2022 eius-

202 2065 269 2118 modi
279 2058 448 2113 controuersras
459 2056 584 2125 saepissime
592 2054 696 2106 videmus
706 2054 730 2105 in
740 2073 787 2107 me·
816 2075 818 2077 ·

202 2167 239 2203 res
254 2149 316 2199 abire
330 2133 382 2197 lites
398 2159 422 2196 et
433 2141 577 2212 ¹agitationes
597 2141 740 2206 animorum,
762 2139 788 2191 in

203 2236 287 2306 quibus
309 2232 346 2284 uei
367 2247 497 2298 nunquam,
523 2227 560 2279 vel
580 2243 674 2297 perraro
696 2225 788 2289 saltem,

203 2337 285 2376 verum
300 2318 362 2370 reiie
376 2315 507 2384 indagatum
532 2313 648 2382 placidum
666 2312 726 2364 enim
742 2311 789 2362 ani-

205 2425 270 2461 mum
284 2402 381 2473 requirit
394 2401 443 2454 veri
459 2399 569 2452 studium:
589 2416 666 2467 neque
675 2397 730 2450 eiius
741 2412 790 2449 tan-

205 2494 260 2546 dem
275 2491 348 2544 totius
363 2488 409 2540 litis
429 2501 526 2539 euentus
543 2485 654 2554 sequitur,
681 2472 790 2559 quum-vt

206 2579 304 2648 turpiter
314 2576 336 2629 se
348 2576 405 2627 dent
414 2574 538 2641 litigantes,
556 2573 673 2646 risumque
678 2564 715 2624 vei
727 2587 792 2624 certe

206 2662 394 2733 indignationem
404 2674 515 2713 moueant
525 2657 724 2731 prudentioribus.

735 2738 793 2811 Qu.
