<?xml version="1.0" encoding="UTF-8"?>
<!DOCTYPE html PUBLIC "-//W3C//DTD XHTML 1.0 Transitional//EN"
    "http://www.w3.org/TR/xhtml1/DTD/xhtml1-transitional.dtd">
<html xmlns="http://www.w3.org/1999/xhtml" xml:lang="en" lang="en">
 <head>
  <title>
</title>
<meta http-equiv="Content-Type" content="text/html;charset=utf-8" />
  <meta name='ocr-system' content='tesseract 3.04.00' />
  <meta name='ocr-capabilities' content='ocr_page ocr_carea ocr_par ocr_line ocrx_word'/>
</head>
<body>
  <div class='ocr_page' id='page_1' title='image "MN40367ucmf_5_0023.png"; bbox 0 0 1692 3107; ppageno 0'>
   <div class='ocr_carea' id='block_1_1' title="bbox 14 205 710 1499">
    <p class='ocr_par' dir='ltr' id='par_1_1' title="bbox 241 205 520 276">
     <span class='ocr_line' id='line_1_1' title="bbox 241 205 520 276; baseline 0.004 -18"><span class='ocrx_word' id='word_1_1' title='bbox 241 205 463 276; x_wconf 46' lang='grc' dir='ltr'>ἑεκᾈές</span> <span class='ocrx_word' id='word_1_2' title='bbox 517 244 520 249; x_wconf 41' lang='lat' dir='ltr'><em>s</em></span> 
     </span>
    </p>

    <p class='ocr_par' dir='ltr' id='par_1_2' title="bbox 14 319 710 1499">
     <span class='ocr_line' id='line_1_2' title="bbox 135 319 650 393; baseline 0.014 -21"><span class='ocrx_word' id='word_1_3' title='bbox 135 319 226 387; x_wconf 84' lang='lat' dir='ltr'><strong>Quibus</strong></span> <span class='ocrx_word' id='word_1_4' title='bbox 248 323 375 376; x_wconf 85' lang='lat' dir='ltr'>rationibus</span> <span class='ocrx_word' id='word_1_5' title='bbox 395 323 506 377; x_wconf 75' lang='lat' dir='ltr'>addudus</span> <span class='ocrx_word' id='word_1_6' title='bbox 527 341 572 393; x_wconf 80' lang='lat' dir='ltr'>ego</span> <span class='ocrx_word' id='word_1_7' title='bbox 589 341 650 378; x_wconf 64' lang='lat' dir='ltr'>nun«</span> 
     </span>
     <span class='ocr_line' id='line_1_3' title="bbox 64 406 652 484; baseline 0.014 -26"><span class='ocrx_word' id='word_1_8' title='bbox 64 406 185 477; x_wconf 71' lang='lat' dir='ltr'>quarnzCl.</span> <span class='ocrx_word' id='word_1_9' title='bbox 198 424 291 461; x_wconf 78' lang='lat' dir='ltr'>unvro</span> <span class='ocrx_word' id='word_1_10' title='bbox 303 410 414 465; x_wconf 84' lang='lat' dir='ltr'>vindicias</span> <span class='ocrx_word' id='word_1_11' title='bbox 425 409 592 484; x_wconf 85' lang='lat' dir='ltr'>opposuillern,</span> <span class='ocrx_word' id='word_1_12' title='bbox 611 417 652 482; x_wconf 77' lang='lat' dir='ltr'>qui</span> 
     </span>
     <span class='ocr_line' id='line_1_4' title="bbox 64 494 653 568; baseline 0.007 -22"><span class='ocrx_word' id='word_1_13' title='bbox 64 495 133 546; x_wconf 85' lang='lat' dir='ltr'>facile</span> <span class='ocrx_word' id='word_1_14' title='bbox 144 494 318 565; x_wconf 81' lang='lat' dir='ltr'>praeuidebatn,</span> <span class='ocrx_word' id='word_1_15' title='bbox 337 498 488 551; x_wconf 88' lang='lat' dir='ltr'>nullomodo</span> <span class='ocrx_word' id='word_1_16' title='bbox 504 497 564 568; x_wconf 80' lang='lat' dir='ltr'>apud</span> <span class='ocrx_word' id='word_1_17' title='bbox 579 498 653 568; x_wconf 80' lang='lat' dir='ltr'>ipsunt</span> 
     </span>
     <span class='ocr_line' id='line_1_5' title="bbox 64 578 651 653; baseline 0.009 -24"><span class='ocrx_word' id='word_1_18' title='bbox 64 578 151 647; x_wconf 85' lang='lat' dir='ltr'>aliquid</span> <span class='ocrx_word' id='word_1_19' title='bbox 171 579 316 649; x_wconf 84' lang='lat' dir='ltr'>profuturas;</span> <span class='ocrx_word' id='word_1_20' title='bbox 342 582 383 634; x_wconf 82' lang='lat' dir='ltr'>nisi</span> <span class='ocrx_word' id='word_1_21' title='bbox 402 600 483 653; x_wconf 82' lang='lat' dir='ltr'>nuper</span> <span class='ocrx_word' id='word_1_22' title='bbox 496 600 559 634; x_wconf 81' lang='lat' dir='ltr'>noua</span> <span class='ocrx_word' id='word_1_23' title='bbox 577 582 651 635; x_wconf 87' lang='lat' dir='ltr'>editio</span> 
     </span>
     <span class='ocr_line' id='line_1_6' title="bbox 63 664 656 737; baseline 0.003 -21"><span class='ocrx_word' id='word_1_24' title='bbox 63 666 165 733; x_wconf 81' lang='lat' dir='ltr'>expetita</span> <span class='ocrx_word' id='word_1_25' title='bbox 175 664 249 716; x_wconf 85' lang='lat' dir='ltr'>fuillet</span> <span class='ocrx_word' id='word_1_26' title='bbox 259 665 329 717; x_wconf 84' lang='lat' dir='ltr'>libelli</span> <span class='ocrx_word' id='word_1_27' title='bbox 340 668 399 730; x_wconf 79' lang='lat' dir='ltr'>mei,</span> <span class='ocrx_word' id='word_1_28' title='bbox 419 685 508 737; x_wconf 75' lang='lat' dir='ltr'>quem,</span> <span class='ocrx_word' id='word_1_29' title='bbox 528 685 558 719; x_wconf 88' lang='lat' dir='ltr'>ne</span> <span class='ocrx_word' id='word_1_30' title='bbox 571 670 598 719; x_wconf 89' lang='lat' dir='ltr'>ab</span> <span class='ocrx_word' id='word_1_31' title='bbox 615 667 656 718; x_wconf 85' lang='lat' dir='ltr'>ad.</span> 
     </span>
     <span class='ocr_line' id='line_1_7' title="bbox 62 749 655 824; baseline -0.002 -21"><span class='ocrx_word' id='word_1_32' title='bbox 62 750 161 824; x_wconf 80' lang='lat' dir='ltr'>uerlario</span> <span class='ocrx_word' id='word_1_33' title='bbox 177 749 205 801; x_wconf 83' lang='lat' dir='ltr'>ad</span> <span class='ocrx_word' id='word_1_34' title='bbox 219 751 301 805; x_wconf 80' lang='lat' dir='ltr'>incitas</span> <span class='ocrx_word' id='word_1_35' title='bbox 312 751 417 805; x_wconf 70' lang='lat' dir='ltr'>tedaldus</span> <span class='ocrx_word' id='word_1_36' title='bbox 434 751 538 818; x_wconf 81' lang='lat' dir='ltr'>viderer,</span> <span class='ocrx_word' id='word_1_37' title='bbox 559 750 605 803; x_wconf 84' lang='lat' dir='ltr'>sure</span> <span class='ocrx_word' id='word_1_38' title='bbox 615 750 655 802; x_wconf 91' lang='lat' dir='ltr'>de-</span> 
     </span>
     <span class='ocr_line' id='line_1_8' title="bbox 14 835 649 892; baseline -0.002 -1"><span class='ocrx_word' id='word_1_39' title='bbox 14 845 15 849; x_wconf 75' lang='grc'>’</span> <span class='ocrx_word' id='word_1_40' title='bbox 62 837 270 891; x_wconf 69' lang='lat' dir='ltr'>lenfione&#39;caullae</span> <span class='ocrx_word' id='word_1_41' title='bbox 286 857 350 892; x_wconf 84' lang='lat' dir='ltr'>meae</span> <span class='ocrx_word' id='word_1_42' title='bbox 362 840 479 892; x_wconf 75' lang='lat' dir='ltr'><strong>dimittere</strong></span> <span class='ocrx_word' id='word_1_43' title='bbox 488 856 538 890; x_wconf 91' lang='lat' dir='ltr'>non</span> <span class='ocrx_word' id='word_1_44' title='bbox 548 835 649 890; x_wconf 82' lang='lat' dir='ltr'>sustinui.</span> 
     </span>
     <span class='ocr_line' id='line_1_9' title="bbox 62 924 710 995; baseline -0.005 -17"><span class='ocrx_word' id='word_1_45' title='bbox 62 925 154 979; x_wconf 82' lang='lat' dir='ltr'>Accessi</span> <span class='ocrx_word' id='word_1_46' title='bbox 169 926 238 995; x_wconf 83' lang='lat' dir='ltr'>igitur</span> <span class='ocrx_word' id='word_1_47' title='bbox 253 925 282 978; x_wconf 82' lang='lat' dir='ltr'>ad</span> <span class='ocrx_word' id='word_1_48' title='bbox 295 925 480 979; x_wconf 83' lang='lat' dir='ltr'>satisfaciendum</span> <span class='ocrx_word' id='word_1_49' title='bbox 497 925 548 979; x_wconf 84' lang='lat' dir='ltr'>Viri</span> <span class='ocrx_word' id='word_1_50' title='bbox 564 924 649 988; x_wconf 79' lang='lat' dir='ltr'>Dotli,</span> <span class='ocrx_word' id='word_1_51' title='bbox 709 986 710 989; x_wconf 8' lang='grc' dir='ltr'><strong>Ἴ</strong></span> 
     </span>
     <span class='ocr_line' id='line_1_10' title="bbox 63 1009 650 1077; baseline -0.003 -14"><span class='ocrx_word' id='word_1_52' title='bbox 63 1027 114 1064; x_wconf 88' lang='lat' dir='ltr'>uon</span> <span class='ocrx_word' id='word_1_53' title='bbox 130 1010 256 1073; x_wconf 88' lang='lat' dir='ltr'>conuiciis,</span> <span class='ocrx_word' id='word_1_54' title='bbox 285 1010 324 1061; x_wconf 85' lang='lat' dir='ltr'>led</span> <span class='ocrx_word' id='word_1_55' title='bbox 339 1010 535 1077; x_wconf 77' lang='lat' dir='ltr'>dubitationibus,</span> <span class='ocrx_word' id='word_1_56' title='bbox 557 1011 592 1062; x_wconf 89' lang='lat' dir='ltr'>his</span> <span class='ocrx_word' id='word_1_57' title='bbox 607 1009 650 1062; x_wconf 85' lang='lat' dir='ltr'>uti-</span> 
     </span>
     <span class='ocr_line' id='line_1_11' title="bbox 62 1092 650 1163; baseline -0.002 -19"><span class='ocrx_word' id='word_1_58' title='bbox 62 1112 120 1162; x_wconf 86' lang='lat' dir='ltr'>que,</span> <span class='ocrx_word' id='word_1_59' title='bbox 150 1110 205 1162; x_wconf 91' lang='lat' dir='ltr'>quas</span> <span class='ocrx_word' id='word_1_60' title='bbox 228 1092 256 1143; x_wconf 84' lang='lat' dir='ltr'>acl</span> <span class='ocrx_word' id='word_1_61' title='bbox 270 1108 319 1145; x_wconf 83' lang='lat' dir='ltr'>reru</span> <span class='ocrx_word' id='word_1_62' title='bbox 341 1093 418 1145; x_wconf 83' lang='lat' dir='ltr'>facere</span> <span class='ocrx_word' id='word_1_63' title='bbox 437 1095 507 1163; x_wconf 84' lang='lat' dir='ltr'>periti</span> <span class='ocrx_word' id='word_1_64' title='bbox 523 1094 650 1161; x_wconf 80' lang='lat' dir='ltr'>agnoscere</span> 
     </span>
     <span class='ocr_line' id='line_1_12' title="bbox 62 1176 652 1249; baseline -0.007 -19"><span class='ocrx_word' id='word_1_65' title='bbox 62 1177 161 1249; x_wconf 83' lang='lat' dir='ltr'>pellent.</span> <span class='ocrx_word' id='word_1_66' title='bbox 206 1176 296 1230; x_wconf 73' lang='lat' dir='ltr'>Cuudla</span> <span class='ocrx_word' id='word_1_67' title='bbox 313 1178 374 1230; x_wconf 85' lang='lat' dir='ltr'>enim</span> <span class='ocrx_word' id='word_1_68' title='bbox 392 1178 498 1249; x_wconf 80' lang='lat' dir='ltr'>persequi</span> <span class='ocrx_word' id='word_1_69' title='bbox 512 1194 536 1229; x_wconf 87' lang='lat' dir='ltr'>et</span> <span class='ocrx_word' id='word_1_70' title='bbox 552 1177 652 1246; x_wconf 80' lang='lat' dir='ltr'>longum</span> 
     </span>
     <span class='ocr_line' id='line_1_13' title="bbox 63 1257 651 1326; baseline -0.01 -15"><span class='ocrx_word' id='word_1_71' title='bbox 63 1276 87 1312; x_wconf 86' lang='lat' dir='ltr'>et</span> <span class='ocrx_word' id='word_1_72' title='bbox 104 1260 228 1312; x_wconf 83' lang='lat' dir='ltr'>molestum</span> <span class='ocrx_word' id='word_1_73' title='bbox 243 1260 299 1310; x_wconf 83' lang='lat' dir='ltr'>milri</span> <span class='ocrx_word' id='word_1_74' title='bbox 312 1274 335 1310; x_wconf 90' lang='lat' dir='ltr'>et</span> <span class='ocrx_word' id='word_1_75' title='bbox 345 1259 475 1326; x_wconf 79' lang='lat' dir='ltr'>legentibus</span> <span class='ocrx_word' id='word_1_76' title='bbox 483 1298 491 1322; x_wconf 91' lang='lat'>,</span> <span class='ocrx_word' id='word_1_77' title='bbox 513 1272 537 1308; x_wconf 88' lang='lat' dir='ltr'>er</span> <span class='ocrx_word' id='word_1_78' title='bbox 552 1257 651 1307; x_wconf 85' lang='lat' dir='ltr'>alieruuu</span> 
     </span>
     <span class='ocr_line' id='line_1_14' title="bbox 65 1344 650 1413; baseline -0.005 -14"><span class='ocrx_word' id='word_1_79' title='bbox 65 1346 181 1413; x_wconf 81' lang='lat' dir='ltr'>acauffa,</span> <span class='ocrx_word' id='word_1_80' title='bbox 208 1345 335 1398; x_wconf 84' lang='lat' dir='ltr'>videbatur.</span> <span class='ocrx_word' id='word_1_81' title='bbox 374 1345 471 1398; x_wconf 84' lang='lat' dir='ltr'>Plurima</span> <span class='ocrx_word' id='word_1_82' title='bbox 492 1344 553 1395; x_wconf 83' lang='lat' dir='ltr'>eninr</span> <span class='ocrx_word' id='word_1_83' title='bbox 571 1361 650 1396; x_wconf 71' lang='lat' dir='ltr'>curunu</span> 
     </span>
     <span class='ocr_line' id='line_1_15' title="bbox 63 1429 648 1499; baseline -0.005 -16"><span class='ocrx_word' id='word_1_84' title='bbox 63 1432 131 1495; x_wconf 84' lang='lat' dir='ltr'>lauit,</span> <span class='ocrx_word' id='word_1_85' title='bbox 150 1448 208 1498; x_wconf 85' lang='lat' dir='ltr'>qnae</span> <span class='ocrx_word' id='word_1_86' title='bbox 225 1448 277 1481; x_wconf 90' lang='lat' dir='ltr'>non</span> <span class='ocrx_word' id='word_1_87' title='bbox 291 1430 343 1499; x_wconf 79' lang='lat' dir='ltr'>plns</span> <span class='ocrx_word' id='word_1_88' title='bbox 359 1430 474 1482; x_wconf 83' lang='lat' dir='ltr'>momenti</span> <span class='ocrx_word' id='word_1_89' title='bbox 489 1430 516 1480; x_wconf 83' lang='lat' dir='ltr'>ad</span> <span class='ocrx_word' id='word_1_90' title='bbox 528 1429 648 1480; x_wconf 71' lang='lat' dir='ltr'>vidonem</span> 
     </span>
    </p>
   </div>
   <div class='ocr_carea' id='block_1_2' title="bbox 62 1513 647 1665">
    <p class='ocr_par' dir='ltr' id='par_1_3' title="bbox 62 1513 647 1665">
     <span class='ocr_line' id='line_1_16' title="bbox 63 1513 647 1583; baseline -0.005 -16"><span class='ocrx_word' id='word_1_91' title='bbox 63 1516 187 1579; x_wconf 78' lang='lat' dir='ltr'>habereut,</span> <span class='ocrx_word' id='word_1_92' title='bbox 207 1532 275 1581; x_wconf 85' lang='lat' dir='ltr'>quarn</span> <span class='ocrx_word' id='word_1_93' title='bbox 291 1513 426 1580; x_wconf 70' lang='lat' dir='ltr'>insellaudi,</span> <span class='ocrx_word' id='word_1_94' title='bbox 446 1532 489 1583; x_wconf 84' lang='lat' dir='ltr'>qua</span> <span class='ocrx_word' id='word_1_95' title='bbox 502 1513 598 1564; x_wconf 87' lang='lat' dir='ltr'>subinde</span> <span class='ocrx_word' id='word_1_96' title='bbox 614 1513 647 1564; x_wconf 87' lang='lat' dir='ltr'>ef-</span> 
     </span>
     <span class='ocr_line' id='line_1_17' title="bbox 62 1595 645 1665; baseline -0.003 -16"><span class='ocrx_word' id='word_1_97' title='bbox 62 1598 148 1663; x_wconf 86' lang='lat' dir='ltr'>fertur,</span> <span class='ocrx_word' id='word_1_98' title='bbox 167 1595 291 1653; x_wconf 74' lang='lat' dir='ltr'>acerbita33</span> <span class='ocrx_word' id='word_1_99' title='bbox 309 1613 377 1664; x_wconf 88' lang='lat' dir='ltr'>quarn</span> <span class='ocrx_word' id='word_1_100' title='bbox 392 1614 438 1665; x_wconf 83' lang='lat' dir='ltr'>ego</span> <span class='ocrx_word' id='word_1_101' title='bbox 454 1614 499 1647; x_wconf 90' lang='lat' dir='ltr'>nec</span> <span class='ocrx_word' id='word_1_102' title='bbox 516 1595 554 1646; x_wconf 89' lang='lat' dir='ltr'>tali</span> <span class='ocrx_word' id='word_1_103' title='bbox 569 1596 645 1662; x_wconf 83' lang='lat' dir='ltr'>Vim,</span> 
     </span>
    </p>
   </div>
   <div class='ocr_carea' id='block_1_3' title="bbox 9 1680 647 2613">
    <p class='ocr_par' dir='ltr' id='par_1_4' title="bbox 9 1680 647 2613">
     <span class='ocr_line' id='line_1_18' title="bbox 64 1680 647 1748; baseline 0 -13"><span class='ocrx_word' id='word_1_104' title='bbox 64 1701 110 1736; x_wconf 85' lang='lat' dir='ltr'>nec</span> <span class='ocrx_word' id='word_1_105' title='bbox 127 1681 212 1735; x_wconf 76' lang='lat' dir='ltr'>eaussie</span> <span class='ocrx_word' id='word_1_106' title='bbox 227 1682 351 1748; x_wconf 81' lang='lat' dir='ltr'>tenuitate,</span> <span class='ocrx_word' id='word_1_107' title='bbox 380 1699 425 1734; x_wconf 88' lang='lat' dir='ltr'>uec</span> <span class='ocrx_word' id='word_1_108' title='bbox 438 1680 525 1734; x_wconf 87' lang='lat' dir='ltr'>liberali</span> <span class='ocrx_word' id='word_1_109' title='bbox 541 1680 647 1736; x_wconf 79' lang='lat' dir='ltr'>dodriua</span> 
     </span>
     <span class='ocr_line' id='line_1_19' title="bbox 63 1768 647 1835; baseline 0.003 -15"><span class='ocrx_word' id='word_1_110' title='bbox 63 1785 125 1822; x_wconf 88' lang='lat' dir='ltr'>ratus</span> <span class='ocrx_word' id='word_1_111' title='bbox 145 1769 250 1835; x_wconf 82' lang='lat' dir='ltr'>dignam,</span> <span class='ocrx_word' id='word_1_112' title='bbox 275 1786 320 1820; x_wconf 89' lang='lat' dir='ltr'>uec</span> <span class='ocrx_word' id='word_1_113' title='bbox 339 1784 423 1822; x_wconf 81' lang='lat' dir='ltr'>notare</span> <span class='ocrx_word' id='word_1_114' title='bbox 440 1768 517 1833; x_wconf 87' lang='lat' dir='ltr'>volui,</span> <span class='ocrx_word' id='word_1_115' title='bbox 536 1784 581 1819; x_wconf 88' lang='lat' dir='ltr'>uec</span> <span class='ocrx_word' id='word_1_116' title='bbox 597 1770 647 1821; x_wconf 86' lang='lat' dir='ltr'>irni-</span> 
     </span>
     <span class='ocr_line' id='line_1_20' title="bbox 63 1855 647 1927; baseline 0.005 -22"><span class='ocrx_word' id='word_1_117' title='bbox 63 1855 114 1913; x_wconf 75' lang='lat' dir='ltr'>tari,</span> <span class='ocrx_word' id='word_1_118' title='bbox 152 1857 226 1906; x_wconf 86' lang='lat' dir='ltr'>lururo</span> <span class='ocrx_word' id='word_1_119' title='bbox 246 1871 303 1922; x_wconf 89' lang='lat' dir='ltr'>quae</span> <span class='ocrx_word' id='word_1_120' title='bbox 317 1855 345 1905; x_wconf 92' lang='lat' dir='ltr'>ad</span> <span class='ocrx_word' id='word_1_121' title='bbox 363 1873 412 1907; x_wconf 90' lang='lat' dir='ltr'>rem</span> <span class='ocrx_word' id='word_1_122' title='bbox 427 1874 478 1910; x_wconf 88' lang='lat' dir='ltr'>non</span> <span class='ocrx_word' id='word_1_123' title='bbox 488 1859 647 1927; x_wconf 80' lang='lat' dir='ltr'>pertinerent,</span> 
     </span>
     <span class='ocr_line' id='line_1_21' title="bbox 64 1941 647 2013; baseline 0.005 -20"><span class='ocrx_word' id='word_1_124' title='bbox 64 1956 89 1993; x_wconf 88' lang='lat' dir='ltr'>et</span> <span class='ocrx_word' id='word_1_125' title='bbox 106 1941 251 2010; x_wconf 86' lang='lat' dir='ltr'>iniquitatem</span> <span class='ocrx_word' id='word_1_126' title='bbox 272 1941 415 2010; x_wconf 81' lang='lat' dir='ltr'>proderent,</span> <span class='ocrx_word' id='word_1_127' title='bbox 441 1943 547 1996; x_wconf 87' lang='lat' dir='ltr'>modeste</span> <span class='ocrx_word' id='word_1_128' title='bbox 566 1946 647 2013; x_wconf 82' lang='lat' dir='ltr'>potius</span> 
     </span>
     <span class='ocr_line' id='line_1_22' title="bbox 65 2027 646 2091; baseline 0 -13"><span class='ocrx_word' id='word_1_129' title='bbox 65 2027 226 2080; x_wconf 80' lang='lat' dir='ltr'>diafiruulauda</span> <span class='ocrx_word' id='word_1_130' title='bbox 241 2027 378 2091; x_wconf 76' lang='lat' dir='ltr'>existimaui,</span> <span class='ocrx_word' id='word_1_131' title='bbox 404 2045 435 2079; x_wconf 84' lang='lat' dir='ltr'>ue</span> <span class='ocrx_word' id='word_1_132' title='bbox 450 2028 487 2081; x_wconf 87' lang='lat' dir='ltr'>vel</span> <span class='ocrx_word' id='word_1_133' title='bbox 502 2027 532 2079; x_wconf 89' lang='lat' dir='ltr'>fic</span> <span class='ocrx_word' id='word_1_134' title='bbox 549 2042 646 2079; x_wconf 88' lang='lat' dir='ltr'>mortuo</span> 
     </span>
     <span class='ocr_line' id='line_1_23' title="bbox 9 2106 646 2184; baseline 0.008 -22"><span class='ocrx_word' id='word_1_135' title='bbox 9 2106 11 2110; x_wconf 72' lang='grc'><strong>’</strong></span> <span class='ocrx_word' id='word_1_136' title='bbox 64 2113 171 2165; x_wconf 85' lang='lat' dir='ltr'>insultare</span> <span class='ocrx_word' id='word_1_137' title='bbox 185 2112 283 2166; x_wconf 86' lang='lat' dir='ltr'>viderer.</span> <span class='ocrx_word' id='word_1_138' title='bbox 321 2114 385 2180; x_wconf 85' lang='lat' dir='ltr'>Quid</span> <span class='ocrx_word' id='word_1_139' title='bbox 398 2115 488 2167; x_wconf 82' lang='lat' dir='ltr'>secutus</span> <span class='ocrx_word' id='word_1_140' title='bbox 505 2114 556 2180; x_wconf 89' lang='lat' dir='ltr'>lun,</span> <span class='ocrx_word' id='word_1_141' title='bbox 575 2113 646 2184; x_wconf 84' lang='lat' dir='ltr'>profi.-</span> 
     </span>
     <span class='ocr_line' id='line_1_24' title="bbox 64 2197 647 2269; baseline 0.003 -20"><span class='ocrx_word' id='word_1_142' title='bbox 64 2197 161 2250; x_wconf 82' lang='lat' dir='ltr'>tendum</span> <span class='ocrx_word' id='word_1_143' title='bbox 176 2212 237 2263; x_wconf 83' lang='lat' dir='ltr'>erat,</span> <span class='ocrx_word' id='word_1_144' title='bbox 257 2212 282 2250; x_wconf 93' lang='lat' dir='ltr'>vt</span> <span class='ocrx_word' id='word_1_145' title='bbox 296 2198 321 2249; x_wconf 90' lang='lat' dir='ltr'>in</span> <span class='ocrx_word' id='word_1_146' title='bbox 335 2197 385 2267; x_wconf 88' lang='lat' dir='ltr'>ipso</span> <span class='ocrx_word' id='word_1_147' title='bbox 398 2198 478 2252; x_wconf 86' lang='lat' dir='ltr'>libello</span> <span class='ocrx_word' id='word_1_148' title='bbox 495 2198 565 2251; x_wconf 85' lang='lat' dir='ltr'>allatis</span> <span class='ocrx_word' id='word_1_149' title='bbox 582 2216 647 2269; x_wconf 77' lang='lat' dir='ltr'>argu·</span> 
     </span>
     <span class='ocr_line' id='line_1_25' title="bbox 63 2284 646 2355; baseline 0 -18"><span class='ocrx_word' id='word_1_150' title='bbox 63 2285 148 2337; x_wconf 79' lang='lat' dir='ltr'>inentis</span> <span class='ocrx_word' id='word_1_151' title='bbox 164 2284 223 2335; x_wconf 86' lang='lat' dir='ltr'>ratio</span> <span class='ocrx_word' id='word_1_152' title='bbox 240 2284 321 2354; x_wconf 86' lang='lat' dir='ltr'>visque</span> <span class='ocrx_word' id='word_1_153' title='bbox 331 2285 507 2353; x_wconf 84' lang='lat' dir='ltr'>constaretsua,</span> <span class='ocrx_word' id='word_1_154' title='bbox 525 2303 602 2355; x_wconf 89' lang='lat' dir='ltr'>neque</span> <span class='ocrx_word' id='word_1_155' title='bbox 612 2301 646 2337; x_wconf 91' lang='lat' dir='ltr'>te-</span> 
     </span>
     <span class='ocr_line' id='line_1_26' title="bbox 64 2369 646 2440; baseline 0.003 -22"><span class='ocrx_word' id='word_1_156' title='bbox 64 2385 129 2419; x_wconf 84' lang='lat' dir='ltr'>rnere</span> <span class='ocrx_word' id='word_1_157' title='bbox 144 2386 181 2420; x_wconf 90' lang='lat' dir='ltr'>me</span> <span class='ocrx_word' id='word_1_158' title='bbox 196 2369 235 2419; x_wconf 90' lang='lat' dir='ltr'>ista</span> <span class='ocrx_word' id='word_1_159' title='bbox 251 2385 289 2420; x_wconf 84' lang='lat' dir='ltr'>aut</span> <span class='ocrx_word' id='word_1_160' title='bbox 299 2384 411 2440; x_wconf 88' lang='lat' dir='ltr'>proterue</span> <span class='ocrx_word' id='word_1_161' title='bbox 422 2369 523 2422; x_wconf 83' lang='lat' dir='ltr'>effudille</span> <span class='ocrx_word' id='word_1_162' title='bbox 535 2369 646 2421; x_wconf 87' lang='lat' dir='ltr'>defende·</span> 
     </span>
     <span class='ocr_line' id='line_1_27' title="bbox 65 2445 646 2525; baseline 0.005 -21"><span class='ocrx_word' id='word_1_163' title='bbox 65 2470 125 2504; x_wconf 87' lang='lat' dir='ltr'>reru:</span> <span class='ocrx_word' id='word_1_164' title='bbox 156 2454 212 2523; x_wconf 93' lang='lat' dir='ltr'>quid</span> <span class='ocrx_word' id='word_1_165' title='bbox 226 2453 336 2508; x_wconf 81' lang='lat' dir='ltr'>allecutus</span> <span class='ocrx_word' id='word_1_166' title='bbox 354 2456 406 2524; x_wconf 80' lang='lat' dir='ltr'>fini,</span> <span class='ocrx_word' id='word_1_167' title='bbox 430 2445 497 2525; x_wconf 85' lang='lat' dir='ltr'>aequi</span> <span class='ocrx_word' id='word_1_168' title='bbox 511 2455 646 2507; x_wconf 83' lang='lat' dir='ltr'>iudicabunt</span> 
     </span>
     <span class='ocr_line' id='line_1_28' title="bbox 64 2540 646 2613; baseline 0 -22"><span class='ocrx_word' id='word_1_169' title='bbox 64 2540 176 2608; x_wconf 76' lang='lat' dir='ltr'>ledores,</span> <span class='ocrx_word' id='word_1_170' title='bbox 202 2561 262 2613; x_wconf 80' lang='lat' dir='ltr'>quos</span> <span class='ocrx_word' id='word_1_171' title='bbox 278 2545 351 2602; x_wconf 82' lang='lat' dir='ltr'>totius</span> <span class='ocrx_word' id='word_1_172' title='bbox 368 2545 453 2597; x_wconf 79' lang='lat' dir='ltr'>caullae</span> <span class='ocrx_word' id='word_1_173' title='bbox 470 2562 497 2595; x_wconf 80' lang='lat' dir='ltr'>ac</span> <span class='ocrx_word' id='word_1_174' title='bbox 513 2542 646 2595; x_wconf 83' lang='lat' dir='ltr'>certaminis</span> 
     </span>
    </p>
   </div>
   <div class='ocr_carea' id='block_1_4' title="bbox 65 2609 646 2765">
    <p class='ocr_par' dir='ltr' id='par_1_5' title="bbox 65 2609 646 2765">
     <span class='ocr_line' id='line_1_29' title="bbox 65 2609 646 2702; baseline 0.009 -23"><span class='ocrx_word' id='word_1_175' title='bbox 65 2626 251 2702; x_wconf 26' lang='lat' dir='ltr'>arbitror-atque</span> <span class='ocrx_word' id='word_1_176' title='bbox 264 2609 403 2702; x_wconf 57' lang='lat' dir='ltr'>interpretes</span> <span class='ocrx_word' id='word_1_177' title='bbox 416 2631 516 2686; x_wconf 85' lang='lat' dir='ltr'>libenter</span> <span class='ocrx_word' id='word_1_178' title='bbox 531 2629 646 2699; x_wconf 66' lang='lat' dir='ltr'>agnosco}</span> 
     </span>
     <span class='ocr_line' id='line_1_30' title="bbox 564 2710 645 2765; baseline -0.037 0"><span class='ocrx_word' id='word_1_179' title='bbox 564 2710 645 2765; x_wconf 71' lang='lat' dir='ltr'>melio</span> 
     </span>
    </p>
   </div>
   <div class='ocr_carea' id='block_1_5' title="bbox 0 0 851 3107">
    <p class='ocr_par' dir='ltr' id='par_1_6' title="bbox 0 0 851 3107">
     <span class='ocr_line' id='line_1_31' title="bbox 0 0 851 3107; baseline 0 0"><span class='ocrx_word' id='word_1_180' title='bbox 0 0 851 3107; x_wconf 95' lang='lat' dir='ltr'> </span> 
     </span>
    </p>
   </div>
  </div>
 </body>
</html>
